@inproceedings{Dundar,
  title={Polyhedral classifier for target detection: a case study: colorectal cancer},
  author={Dundar, M Murat and Wolf, Matthias and Lakare, Sarang and Salganicoff, Marcos and Raykar, Vikas C},
  booktitle={Proceedings of the 25th international conference on Machine learning},
  pages={288--295},
  year={2008},
  organization={ACM}
}


@misc{LBC,
  title = {Linear Binary Classification},
  howpublished = {\url{http://inst.eecs.berkeley.edu/~ee127a/book/login/l_lqp_apps_class.html}},
  note = {Accessed: 2015-11-19}
}


@misc{Knisley,
  author = {Knisley, Jeff},
  title = {Unpublished Notes},
  note = {Accessed: 2015-11-20}
}